@article{Kim2008,
  title={Why gaussianity?},
  author={Kim, Kiseon and Shevlyakov, Georgy},
  journal={IEEE Signal Processing Magazine},
  volume={25},
  number={2},
  pages={102--113},
  year={2008},
  publisher={IEEE}
}

@BOOK{Blitzstein2019-qi,
  title     = "Introduction to probability, second edition",
  author    = "Blitzstein, Joseph K and Hwang, Jessica",
  publisher = "CRC Press",
  series    = "Chapman \& Hall/CRC Texts in Statistical Science",
  edition   =  2,
  month     =  feb,
  year      =  2019,
  address   = "London, England"
}


