@article{Freeman1950,
  title={Transformations related to the angular and the square root},
  author={Freeman, Murray F and Tukey, John W},
  journal={The Annals of Mathematical Statistics},
  pages={607--611},
  year={1950},
  publisher={JSTOR}
}
@article{VanDyk2014,
  title={The role of statistics in the discovery of a {H}iggs boson},
  author={van Dyk, David A},
  journal={Annual Review of Statistics and Its Application},
  volume={1},
  pages={41--59},
  year={2014},
  publisher={Annual Reviews}
}
